<?xml version="1.0" encoding="UTF-8"?><record xmlns="http://www.loc.gov/MARC21/slim" xmlns:cinclude="http://apache.org/cocoon/include/1.0" xmlns:zs="http://www.loc.gov/zing/srw/">
  <leader>01258nz  a2200253n  4500</leader>
  <controlfield tag="001">no2013044607</controlfield>
  <controlfield tag="003">DLC</controlfield>
  <controlfield tag="005">20130426075332.0</controlfield>
  <controlfield tag="008">130424n| azannaabn          |n aaa     c</controlfield>
  <datafield tag="010" ind1=" " ind2=" ">
    <subfield code="a">no2013044607</subfield>
  </datafield>
  <datafield tag="035" ind1=" " ind2=" ">
    <subfield code="a">(OCoLC)oca09458026</subfield>
  </datafield>
  <datafield tag="040" ind1=" " ind2=" ">
    <subfield code="a">NdU</subfield>
    <subfield code="b">eng</subfield>
    <subfield code="e">rda</subfield>
    <subfield code="c">NdU</subfield>
  </datafield>
  <datafield tag="046" ind1=" " ind2=" ">
    <subfield code="f">19550713</subfield>
  </datafield>
  <datafield tag="100" ind1="1" ind2=" ">
    <subfield code="a">Klesman, Charlotte Lord,</subfield>
    <subfield code="d">1955-</subfield>
  </datafield>
  <datafield tag="370" ind1=" " ind2=" ">
    <subfield code="c">U.S.</subfield>
    <subfield code="e">Flagstaff, Ariz.</subfield>
    <subfield code="e">Grand Forks, N.D.</subfield>
  </datafield>
  <datafield tag="372" ind1=" " ind2=" ">
    <subfield code="a">Communication</subfield>
    <subfield code="2">lcsh</subfield>
  </datafield>
  <datafield tag="373" ind1=" " ind2=" ">
    <subfield code="a">University of Georgia</subfield>
    <subfield code="2">naf</subfield>
    <subfield code="t">1977</subfield>
  </datafield>
  <datafield tag="373" ind1=" " ind2=" ">
    <subfield code="a">University of Wisconsin</subfield>
    <subfield code="2">naf</subfield>
    <subfield code="t">1999</subfield>
  </datafield>
  <datafield tag="373" ind1=" " ind2=" ">
    <subfield code="a">University of North Dakota</subfield>
    <subfield code="2">naf</subfield>
    <subfield code="s">2007</subfield>
    <subfield code="t">2012</subfield>
  </datafield>
  <datafield tag="374" ind1=" " ind2=" ">
    <subfield code="a">Graduate students</subfield>
    <subfield code="2">lcsh</subfield>
  </datafield>
  <datafield tag="375" ind1=" " ind2=" ">
    <subfield code="a">female</subfield>
  </datafield>
  <datafield tag="377" ind1=" " ind2=" ">
    <subfield code="a">eng</subfield>
  </datafield>
  <datafield tag="670" ind1=" " ind2=" ">
    <subfield code="a">Klesman, Charlotte Lord. Communication challenges associated with Voyageurs National Park, 2012 :</subfield>
    <subfield code="b">title page (Charlotte Lord Klesman; Bachelor of Arts in the School of Home Economics, University of Georgia, 1977; Master of Art in Communicating Arts, University of Wisconsin, 1999; Doctor of Philosophy, University of North Dakota, Grand Forks, N.D., 2012.)</subfield>
  </datafield>
  <datafield tag="670" ind1=" " ind2=" ">
    <subfield code="a">ConnectND, WWW site, viewed April 24, 2013</subfield>
    <subfield code="b">(Charlotte Lord Klesman; born July 13, 1955; home address Flagstaff, AR; enrolled at the University of North Dakota from 2007-2012 earning a Ph. D. in Communication)</subfield>
  </datafield>
</record>